@book{Cormen,
  title={Introduction to algorithms},
  author={Thomas H. Cormen; Charles E. Leiserson; Ronald L. Rivest y Clifford Stein},
  year={2009}
}
@book{Brassard,
  title={Fundamentals of Algorithmics},
  author={Gilles Brassard y Paul Bratley},
  year={1995}
}